@preamble{ "\newcommand{\noopsort}[1]{} "
	# "\newcommand{\printfirst}[2]{#1} "
	# "\newcommand{\singleletter}[1]{#1} "
	# "\newcommand{\switchargs}[2]{#2#1} " }

@article{tsne,
  author  = {Laurens van der Maaten and Geoffrey Hinton},
  title   = {{Visualizing Data using t-SNE}},
  journal = {Journal of Machine Learning Research},
  year    = {2008},
  volume  = {9},
  number  = {86},
  pages   = {2579--2605},
  url     = {http://jmlr.org/papers/v9/vandermaaten08a.html}
}

@article{gans,
  doi = {10.48550/ARXIV.1406.2661},
  url = {https://arxiv.org/abs/1406.2661},
  author = {Goodfellow, Ian J. and Pouget-Abadie, Jean and Mirza, Mehdi and Xu, Bing and Warde-Farley, David and Ozair, Sherjil and Courville, Aaron and Bengio, Yoshua},
  keywords = {Machine Learning (stat.ML), Machine Learning (cs.LG), FOS: Computer and information sciences, FOS: Computer and information sciences},
  title = {{Generative Adversarial Networks}},
  publisher = {arXiv},
  year = {2014},
  copyright = {arXiv.org perpetual, non-exclusive license}
}

@article{deep-hedging,
  doi = {10.48550/ARXIV.1802.03042},
  url = {https://arxiv.org/abs/1802.03042},
  author = {Bühler, Hans and Gonon, Lukas and Teichmann, Josef and Wood, Ben},
  keywords = {Computational Finance (q-fin.CP), Numerical Analysis (math.NA), Optimization and Control (math.OC), Probability (math.PR), Risk Management (q-fin.RM), FOS: Economics and business, FOS: Economics and business, FOS: Mathematics, FOS: Mathematics, 91G60, 65K99},
  title = {{Deep Hedging}},
  publisher = {arXiv},
  year = {2018},
  copyright = {arXiv.org perpetual, non-exclusive license}
}

@misc{wgan,
  doi = {10.48550/ARXIV.1701.07875},
  url = {https://arxiv.org/abs/1701.07875},
  author = {Arjovsky, Martin and Chintala, Soumith and Bottou, Léon},
  keywords = {Machine Learning (stat.ML), Machine Learning (cs.LG), FOS: Computer and information sciences, FOS: Computer and information sciences},
  title = {{Wasserstein GAN}},
  publisher = {arXiv}, 
  year = {2017},
  copyright = {arXiv.org perpetual, non-exclusive license}
}

@misc{wgan-gp,
  doi = {10.48550/ARXIV.1704.00028},
  url = {https://arxiv.org/abs/1704.00028},
  author = {Gulrajani, Ishaan and Ahmed, Faruk and Arjovsky, Martin and Dumoulin, Vincent and Courville, Aaron},
  keywords = {Machine Learning (cs.LG), Machine Learning (stat.ML), FOS: Computer and information sciences, FOS: Computer and information sciences},
  title = {{Improved Training of Wasserstein GANs}},
  publisher = {arXiv},
  year = {2017},
  copyright = {arXiv.org perpetual, non-exclusive license}
}

@misc{deep-hedging-ppt,
  url = {https://www.maths.ox.ac.uk/groups/mathematical-finance/frontiers-quantitative-finance-seminar-series/deep-hedging-theory},
  author = {Bühler, Hans and Mohan, Baranidharan and Wood, Ben},
  title = {{Deep Hedging: from Theory to Practice}},
  year = {2019},
}

@article{tsgan,
  url = {https://proceedings.neurips.cc/paper/2019/file/c9efe5f26cd17ba6216bbe2a7d26d490-Paper.pdf},
  author = {Yoon, Jinsung and Jarrett, Daniel and van der Schaar, Mihaela},
  title = {{Time-series Generative Adversarial Networks}},
  journal = {NeurIPS Proceedings},
  year = {2019},
}

@misc{crnngan,
  doi = {10.48550/ARXIV.1611.09904},
  url = {https://arxiv.org/abs/1611.09904},
  author = {Mogren, Olof},
  keywords = {Artificial Intelligence (cs.AI), Machine Learning (cs.LG), FOS: Computer and information sciences, FOS: Computer and information sciences},
  title = {C-RNN-GAN: Continuous recurrent neural networks with adversarial training},
  publisher = {arXiv},
  year = {2016},
  copyright = {Creative Commons Attribution Share Alike 4.0 International}
}

@article{tsfresh,
  author  = {Maximilian Christ and Nils Braun and Julius Neuffer and Andreas W. Kempa-Liehr},
  title   = {{Time Series FeatuRe Extraction on basis of Scalable Hypothesis tests (tsfresh – A Python package)}},
  journal = {Neurocomputing},
  year    = {2018},
  volume  = {307},
  pages   = {72-77},
  url     = {https://doi.org/10.1016/j.neucom.2018.03.067}
}